<record><leader>00000cas a22000007a 4500</leader><controlfield tag="001">26176218</controlfield><controlfield tag="008">920713d190919uunyuwr ne      0    0eng d</controlfield><datafield ind1=" " ind2=" " tag="010"><subfield code="a">sn 92061813 </subfield></datafield><datafield ind1=" " ind2=" " tag="040"><subfield code="a">NYS</subfield><subfield code="b">eng</subfield><subfield code="c">NYS</subfield><subfield code="d">OCLCQ</subfield></datafield><datafield ind1=" " ind2=" " tag="042"><subfield code="a">msc</subfield></datafield><datafield ind1="0" ind2="4" tag="245"><subfield code="a">The Cattaraugus union and the Olean Democrat.</subfield></datafield><datafield ind1=" " ind2=" " tag="260"><subfield code="a">Olean, N.Y. :</subfield><subfield code="b">[s.n.]</subfield></datafield><datafield ind1=" " ind2=" " tag="300"><subfield code="a">v.</subfield></datafield><datafield ind1=" " ind2=" " tag="310"><subfield code="a">Weekly</subfield></datafield><datafield ind1="0" ind2=" " tag="362"><subfield code="a">Vol. 55, no. 21 (July 9, 1909)-</subfield></datafield><datafield ind1=" " ind2="4" tag="651"><subfield code="a">Olean (N.Y.)</subfield><subfield code="v">Newspapers.</subfield></datafield><datafield ind1=" " ind2="4" tag="651"><subfield code="a">Cattaraugus County (N.Y.)</subfield><subfield code="v">Newspapers.</subfield></datafield><datafield ind1=" " ind2=" " tag="752"><subfield code="a">United States</subfield><subfield code="b">New York</subfield><subfield code="c">Cattaraugus</subfield><subfield code="d">Olean.</subfield></datafield><datafield ind1="0" ind2=" " tag="775"><subfield code="t">Olean evening herald</subfield><subfield code="w">(DLC)sn 92061799</subfield></datafield><datafield ind1="0" ind2="4" tag="780"><subfield code="t">Cattaraugus union</subfield><subfield code="w">(DLC)sn 83030977</subfield></datafield><datafield ind1="0" ind2="4" tag="780"><subfield code="t">Olean Democrat</subfield><subfield code="w">(DLC)sn 92061812</subfield></datafield><datafield ind1="1" ind2=" " tag="029"><subfield code="a">AU@</subfield><subfield code="b">000020704488</subfield></datafield></record>